<?xml version="1.0" encoding="UTF-8"?><collection xmlns="http://www.loc.gov/MARC21/slim"><record><leader>00385nam--2200121-i-4500</leader><controlfield tag="001">000035756</controlfield><controlfield tag="002">20161230</controlfield><controlfield tag="005">20161230201040</controlfield><controlfield tag="008">060222s1000------------r-----000-0-eng-d</controlfield><datafield ind1=" " ind2=" " tag="080"><subfield code="a">535.33</subfield></datafield><datafield ind1=" " ind2=" " tag="245"><subfield code="a">Optik und specktroskopie aller wellenlangen tagung der physikalischen gesellschaft in ddr. 27-31 oct.1960 in jena</subfield></datafield><datafield ind1=" " ind2=" " tag="260"><subfield code="a">Berlin, Akademie-verlag, 1962, 696p., 496 Fig</subfield></datafield><datafield ind1=" " ind2=" " tag="852"><subfield code="a">8618</subfield></datafield></record></collection>